
@article{refrfid,
title={An introduction to RFID technology},
author={Roy Want},
journal={IEEE pervasive computing},
volume={5},
number={1},
pages={25--33},
year={2006},
publisher={IEEE}
},

@article{IOTS,
title={The internet of things: A survey},
author={Luigi Atzori, Antonio Iera, Giacomo Morabito},
journal={Computer networks},
volume={54},
number={15},
pages={2787--2805},
year={2010},
publisher={Elsevier}
},

@article{IOTV,
title={Internet of Things (IoT): A vision, architectural elements, and future directions},
author={Jayavardhana Gubbi and Rajkumar Buyya and Slaven Marusic and Marimuthu Palaniswami},
journal={Future generation computer systems},
volume={29},
number={7},
pages={1645--1660},
year={2013}
},

@article{SemIOT,
title={Semantics for the Internet of Things: early progress and back
to the future},
author={Payam Barnaghi and Wei Wang and Cory Henson and Kerry Taylor},
journal={International Journal on Semantic Web and Information Systems},
volume={8},
number={1},
pages={1--21},
year={2012}
},

@article{collaborative,
title={A collaborative approach for metadata management for Internet of Things},
author={Umairul et al. Hassan},
journal={Collaborative Computing: Networking, Applications and Worksharing},
pages={593--598},
year={2013}
},

@incollection{IOTdata,
  title={The Internet of Things: a survey
        from the data-centric perspective},
  author={Charu C. Aggarwal, Naveen Ashish, Amit Sheth},
  booktitle   = {Managing and mining sensor data},
  publisher={Springer},
  address={Boston, MA},
  year={2013},
  chapter={12},
  pages={383--428}
},

@misc{metadata,
title={Metadata principles and practicalities},
url = {http://www.dlib.org/dlib/april02/weibel/04weibel.html?},
author={Erick et al. Duval},
journal={D-lib Magazine},
volume={8},
number={4},
year={2002}
},

@misc{AdafruitDHT,
title={Adafruit Python DHT Sensor Library},
url = {https://github.com/adafruit/Adafruit_Python_DHT},
author={Tony DiCola},
year = {2018}
},

@misc{Requests,
title={Requests, http for humans},
url = {https://2.python-requests.org/en/master/},
author={Kenneth Reitz},
year = {2019}
},

@misc{ITU,
title ={ Recommendation  ITU-T  Y.2060.  Overview  of  the  Internet  of  Things},
url =  {http://handle.itu.int/11.1002/1000/11559},
author = {ITU-T Study Group 13},
year = {2007},
publisher = {International Telecomunication Union}
},


@misc{SML,
title ={OpenGIS sensor model language (SensorML) implementation specification},
author = {Mike Botts, Alexandre Robin},
journal={OpenGIS Implementation Specification OGC},
volume={7},
number={000},
year={2007},
publisher = {OGC}
},

@article{cbarbara,
  title={Collaborative Systems (AAAI-94 Presidential Address)},
  author={Grosz, Barbara J},
  journal={AI magazine},
  volume={17},
  number={2},
  pages={67},
  year={1996}
},

@article{intelsix,
  title={Six Technologies with Potential Impacts on US Interests out to 2025},
  author={Intelligence, SCB},
  journal={National Intelligent Concil, Tech. Rep},
  year={2008}
},

@misc{rasp,
  title = {{Raspberry Pi}, {About us}},
  howpublished = {<\url{https://www.raspberrypi.org/about/}>},
  note = {Acessado em: 2018-07-6}
},

@misc{RaspB,
  title = {{Raspberry Pi}, {Modelo B+}},
  howpublished = {<\url{https://www.raspberrypi.org/products/raspberry-pi-1-model-b-plus/}>},
  note = {Acessado em: 2018-07-6}
},

@article{artigoOEE,
  title={Performance measurement using overall equipment effectiveness (OEE): literature review and practical application discussion},
  author={Muchiri, Peter and Pintelon, Liliane},
  journal={International journal of production research},
  volume={46},
  number={13},
  pages={3517--3535},
  year={2008},
  publisher={Taylor \& Francis}
},

@misc{rasp0,
  title = {{Raspberry Pi}, {0 W}},
  howpublished = {<\url{https://www.raspberrypi.org/products/raspberry-pi-zero-w/}>},
  note = {Acessado em: 2018-07-6}
},


@misc{lightsail,
  title = {Amazon Lightsail},
  howpublished = {<\url{https://aws.amazon.com/pt/lightsail/}>},
  note = {Acessado em: 2019-05-23}
},

@misc{django,
  title = {Framework Django},
  howpublished = {<\url{https://www.djangoproject.com/}>},
  note = {Acessado em: 2019-05-23}
},

@misc{giusto,
  title={A. lera, G. Morabito, l. Atzori (Eds.) The Internet of Things},
  author={Giusto, D},
  year={2010},
  publisher={Springer}
},

@inproceedings{middleware,
  title={Challenges in middleware solutions for the internet of things},
  author={Chaqfeh, Moumena A and Mohamed, Nader},
  booktitle={2012 international conference on collaboration technologies and systems (CTS)},
  pages={21--26},
  year={2012},
  organization={IEEE}
},

@inproceedings{service,
  title={Service modelling for the Internet of Things},
  author={De, Suparna and Barnaghi, Payam and Bauer, Martin and Meissner, Stefan},
  booktitle={2011 Federated Conference on Computer Science and Information Systems (FedCSIS)},
  pages={949--955},
  year={2011},
  organization={IEEE}
},

@article{roadmap,
  title={Internet of things strategic research roadmap},
  author={Vermesan, Ovidiu and Friess, Peter and Guillemin, Patrick and Gusmeroli, Sergio and Sundmaeker, Harald and Bassi, Alessandro and Jubert, Ignacio Soler and Mazura, Margaretha and Harrison, Mark and Eisenhauer, Markus and others},
  journal={Internet of things-global technological and societal trends},
  volume={1},
  number={2011},
  pages={9--52},
  year={2011},
  publisher={River Publishers}
},

@article{dataquality,
  title={The rise of “big data” on cloud computing: Review and open research issues},
  author={Hashem, Ibrahim Abaker Targio and Yaqoob, Ibrar and Anuar, Nor Badrul and Mokhtar, Salimah and Gani, Abdullah and Khan, Samee Ullah},
  journal={Information systems},
  volume={47},
  pages={98--115},
  year={2015},
  publisher={Elsevier}
},

@article{IOTA,
  title={The Internet of Things (IoT): Applications, investments, and challenges for enterprises},
  author={Lee, In and Lee, Kyoochun},
  journal={Business Horizons},
  volume={58},
  number={4},
  pages={431--440},
  year={2015},
  publisher={Elsevier}
},


@incollection{aurelio,
  title={Novo dicion{\'a}rio Aur{\'e}lio da l{\'\i}ngua portuguesa},
  author={Ferreira, Aur{\'e}lio Buarque de Holanda},
  booktitle={Novo dicion{\'a}rio Aur{\'e}lio da l{\'\i}ngua portuguesa},
  year={2004}
}
